<record><leader>00000cas a22000007a 4500</leader><controlfield tag="001">34829847</controlfield><controlfield tag="008">960530d19821983cauuu ne      0    0eng d</controlfield><datafield ind1=" " ind2=" " tag="010"><subfield code="a">sn 96062770 </subfield></datafield><datafield ind1=" " ind2=" " tag="040"><subfield code="a">CNK</subfield><subfield code="b">eng</subfield><subfield code="c">CNK</subfield><subfield code="d">OCLCQ</subfield><subfield code="d">OCLCF</subfield><subfield code="d">OCLCO</subfield></datafield><datafield ind1="1" ind2=" " tag="029"><subfield code="a">AU@</subfield><subfield code="b">000012500824</subfield></datafield><datafield ind1=" " ind2=" " tag="042"><subfield code="a">msc</subfield></datafield><datafield ind1=" " ind2=" " tag="043"><subfield code="a">n-us-ca</subfield></datafield><datafield ind1="0" ind2="0" tag="245"><subfield code="a">Westside news and journal.</subfield></datafield><datafield ind1="1" ind2=" " tag="246"><subfield code="i">Published as:</subfield><subfield code="a">Westside community news</subfield><subfield code="f">&lt;Jan.-Oct. 1983&gt;</subfield></datafield><datafield ind1=" " ind2=" " tag="260"><subfield code="a">Culver City, CA :</subfield><subfield code="b">Coast Media Newspapers</subfield></datafield><datafield ind1=" " ind2=" " tag="300"><subfield code="a">v.</subfield></datafield><datafield ind1="1" ind2=" " tag="362"><subfield code="a">Began in Apr. 1982; ceased in 1983.</subfield></datafield><datafield ind1=" " ind2=" " tag="588"><subfield code="a">Description based on: 77th year, no. 122 (Apr. 15, 1982).</subfield></datafield><datafield ind1=" " ind2="0" tag="651"><subfield code="a">West Los Angeles (Los Angeles, Calif.)</subfield><subfield code="v">Newspapers.</subfield></datafield><datafield ind1=" " ind2="7" tag="655"><subfield code="a">Newspapers.</subfield><subfield code="2">fast</subfield><subfield code="0">(OCoLC)fst01423814</subfield></datafield><datafield ind1=" " ind2="7" tag="651"><subfield code="a">California</subfield><subfield code="z">Los Angeles</subfield><subfield code="z">West Los Angeles.</subfield><subfield code="2">fast</subfield><subfield code="0">(OCoLC)fst01318737</subfield></datafield><datafield ind1=" " ind2=" " tag="752"><subfield code="a">United States</subfield><subfield code="b">California</subfield><subfield code="c">Los Angeles</subfield><subfield code="d">Culver City.</subfield></datafield><datafield ind1="0" ind2="0" tag="780"><subfield code="t">Westside news (Culver City, Calif. : 1980)</subfield><subfield code="w">(DLC)sn 96062769</subfield></datafield><datafield ind1="0" ind2="0" tag="785"><subfield code="t">Westside news (Culver City, Calif. : 1983)</subfield><subfield code="w">(DLC)sn 96062771</subfield></datafield></record>